1690 2952
148 108 204 196 190
310 144 312 160 s
358 101 591 181 Juniusss

145 222 226 278 aDeo
239 225 333 279 dantur.
367 203 430 279 Nam
448 221 537 280 idcirco
552 218 672 296 9999999999
687 226 790 296 cupalio·

145 310 191 343 nes
202 310 231 342 ex
242 296 324 347 nobis,
340 302 369 344 ut
379 296 480 347 multam
492 295 607 346 exhibeat
613 287 786 346 lrberalrtatenr

144 360 228 422 ltaque
245 375 277 408 99
289 369 385 425 propter
400 359 514 410 desidiam
532 361 653 426 privemus
666 376 713 411 nos
724 362 788 413 illius

144 426 231 478 doliis,
238 426 287 474 sed
300 425 458 482 festinemus,
475 428 660 490 &urgeamus,
678 435 706 477 ut
721 427 788 492 prin-

143 490 231 551 cipium
242 491 463 555 apprehendamus:
481 492 545 542 viam
553 492 617 541 enim
627 492 659 540 ad
672 493 787 543 virtutem

142 556 251 610 inducit,
268 565 295 605 ut
310 556 409 630 superno
421 556 498 618 adjuti
508 556 610 607 subsidio
623 557 697 607 etiam
713 558 744 606 ad
757 558 787 606 fi-

58 665 60 668 .
142 635 199 676 nem
224 622 348 682 pervenire
355 621 497 672 ’.9991999999
531 620 618 684 Neque
636 622 700 670 enim
710 622 788 683 polsi·

135 684 189 733 oue
208 684 256 739 eu,
275 686 365 739 bonum
389 685 485 747 aliquod
508 701 553 734 nos
569 688 641 736 reite
649 693 721 749 agere
736 703 786 735 non
843 737 844 741 ,

141 748 239 813 adjutos
255 750 354 814 superna
370 749 453 814 gratia.
486 750 561 815 Igitur
576 750 637 800 tales
648 749 732 808 fimus,
744 750 786 815 qui

100 877 101 882 ¹
142 817 306 884 appendamus
324 832 370 869 nos
388 816 413 870 in
427 816 509 883 spem,
526 833 583 884 quae
599 816 624 868 in
629 816 717 868 Deum
734 818 767 869 est
777 847 786 877 a

140 884 221 952 99999Ι
216 901 243 936 m
255 888 383 939 anchoram
392 886 496 963 aliquam
508 895 600 943 tutam,
617 886 643 938 ὅτ
658 885 784 945 stabilem,

142 956 167 1003 rt
182 971 211 1003 ne
221 954 257 1003 acl
263 954 370 1010 laborem
383 954 479 1005 virtutis
489 948 658 1018 respiciamus,
671 954 711 1005 sed
728 970 786 1004 con·

97 1026 100 1033 ’
141 1018 270 1073 fideremus
286 1028 327 1069 999
317 1020 493 1094 tributionem,
510 1037 567 1085 quae
586 1020 691 1070 laborem
708 1018 785 1086 lequi-

141 1092 197 1138 tur,
202 1086 297 1133 leviter
307 1084 510 1135 omniaferamus
543 1085 612 1134 Tum.
626 1087 728 1180 4.hom.
743 1099 783 1147 25.
820 1133 823 1135 .

140 1147 166 1206 in
184 1164 236 1212 cap.
254 1158 276 1238 8
296 1149 380 1198 Genel.
462 1163 464 1172 ’

368 1252 372 1256 ·
443 1232 474 1284 V.

141 1339 214 1397 Deus
222 1338 353 1395 canliacum
363 1310 457 1400 cnut,
467 1337 500 1399 θ’
515 1336 623 1410 adjurant
631 1337 678 1418 [99
686 1323 782 1411 gratini

189 1488 250 1533 eus,
272 1470 313 1535 qui
333 1469 375 1520 scit
391 1485 476 1529 arcana
493 1468 581 1518 mentis
597 1468 702 1528 nostrae,
724 1484 781 1530 cum

204 1508 291 1598 uiderit
305 1537 382 1585 sanam
393 1545 499 1584 mentem
513 1535 634 1610 nostram,
645 1537 674 1585 tr
687 1550 782 1584 nosco·

137 1602 207 1656 nari,
225 1602 250 1650 dt
266 1600 325 1648 emti
334 1601 365 1648 ad
376 1600 451 1649 vtrtu
453 1613 473 1646 rs
485 1614 524 1646 ce
525 1596 630 1655 tamine,
648 1601 726 1648 statim
736 1616 790 1658 nu,

126 1662 331 1722 'tu,&lulrs1dio
347 1664 388 1712 suo
405 1678 451 1712 nos
465 1660 576 1725 adjuvat,
591 1636 659 1712 finiul
675 1666 701 1713 dc
716 1663 781 1712 labo-

123 1745 124 1750 ’
137 1746 177 1782 res
194 1730 310 1780 nostros
304 1729 466 1784 imminuens,
496 1730 520 1778 u
534 1728 653 1777 infirmam
668 1733 780 1778 naturam

137 1797 238 1852 nostram
251 1797 385 1855 roborans,
397 1796 543 1874 uberesque
546 1794 716 1847 retributiones
727 1794 780 1863 sup·

137 1868 255 1945 peditans.
290 1865 370 1918 Sane
361 1876 388 1916 m
400 1864 524 1941 olympicis
535 1863 707 1925 certaminibus
721 1880 780 1916 neu·

56 1931 57 1934 '
137 1937 229 2000 tiquam
253 1934 306 1999 quis
315 1933 378 1986 tale
397 1933 455 1997 quid
472 1932 595 1989 inveniet,
618 1933 657 1982 sed
674 1933 780 2005 statpae-

136 2000 252 2054 detritam
275 1999 352 2062 fitque
369 1998 488 2073 ipettator
504 2007 598 2048 tantum
616 1997 779 2055 certantium,

136 2080 216 2129 neque
230 2064 254 2113 in
265 2064 312 2118 ulla
327 2080 353 2112 re
364 2064 440 2128 potest
449 2062 488 2127 adj
490 2079 582 2119 uvare,
599 2063 639 2113 sed
653 2059 781 2138 9999999999,

136 2132 215 2179 donec
226 2129 324 2179 vitioria
341 2080 493 2178 declaretur:
511 2100 684 2179 Dominust
642 2146 673 2178 au
674 2132 724 2178 tem
737 2144 780 2178 no-

135 2196 181 2244 ller
200 2191 316 2246 nonita,
344 2192 383 2240 sed
402 2191 469 2242 simul
487 2193 612 2242 nobiscum
634 2202 728 2249 certat,
754 2196 781 2242 dt

135 2273 234 2312 manum
244 2255 363 2319 porrigit,
381 2256 483 2307 &srmul
498 2257 666 2321 congreditur,
683 2258 708 2308 dt
721 2268 780 2321 qua-

134 2321 269 2388 fiundique
279 2320 394 2377 enititur,
412 2330 440 2370 ut
452 2323 610 2374 adversarium
620 2323 724 2371 nostrum
735 2338 780 2370 no-

133 2384 175 2443 bis
183 2387 284 2442 uadat,
296 2383 402 2450 nihilque
417 2401 465 2437 uon
480 2387 546 2453 agit,
564 2387 693 2451 satagens,
686 2386 779 2503 ’olitaria
