1655 2952
161 103 218 161 352
385 74 386 77 ¹
381 65 537 143 October
580 109 594 120 >¹

89 201 93 217 ’
160 201 187 248 rit
200 204 259 246 tunc
275 193 365 259 poteris
379 196 463 259 probe'
467 195 617 260 distinguere,
635 169 798 261 blamsrbal·

133 263 249 319 neum,
263 263 287 312 ιΥι
303 260 380 310 febris
394 276 439 312 nos
454 262 515 310 adeo
521 261 646 323 cruciant,
664 265 689 312 or
701 281 745 314 con
748 274 825 313 t--ut

156 323 234 383 bant,-
256 330 312 377 cum
328 327 354 375 in
370 326 495 383 fluvium'
488 327 551 396 ignis
568 326 622 376 illic
630 326 795 388 inciderimus,

156 393 272 451 fluentem
293 399 350 442 ante
366 390 526 442 horrendum
531 392 589 442 illud
600 383 721 455 tribunal,
746 410 795 458 quo

56 449 59 451 ¹
81 458 83 462 ’
156 473 237 507 ammo
244 458 319 507 futuri
326 458 427 507 sumus?
440 457 505 506 Sane
515 455 627 506 dentibus
637 456 794 514 stridebimus,

155 521 254 589 opprelli
270 522 403 579 laboribus,
427 523 453 573 &
468 522 632 575 intolerandis
636 521 794 580 cruciatibus,
812 547 813 553 Υ

97 591 98 594 ’
114 642 116 644 ,
155 592 182 644 bc
194 605 266 658 nemo
276 588 394 652 suppetias
406 587 481 643 feren
490 589 537 650 sed
550 584 731 653 ingemiscemus
740 605 794 652 gra·

154 654 227 730 vitet,
227 654 341 703 flamma
349 653 429 703 nobrs
430 647 597 705 vehementius
606 652 719 704 instante
744 654 794 717 ΝΥ

152 720 242 775 minem
252 719 387 777 videbimus
398 729 487 784 praeter
498 716 648 769 cruciatuum
659 721 793 776 consortes,

153 780 315 835 &immanem
327 785 486 834 solitudinem
519 785 579 840 Quis
591 787 740 836 enarraverit
742 794 793 835 ter-

152 866 220 902 rores
240 867 264 905 a
273 849 378 900 tenebris
392 849 441 899 illis
457 849 562 926 injeiios
573 850 659 899 animis
679 842 792 902 nostris?

143 900 361 992 vQuemadmodum
380 916 444 964 enim
457 916 524 979 ignis
542 913 582 965 ille
597 932 646 964 non
664 917 792 972 consumit,

142 981 190 1034 ita
202 998 281 1046 neque
298 982 381 1031 lucet.
399 981 504 1046 alioquin
520 984 570 1031 non
587 980 660 1031 effent
673 983 790 1033 tenebrae.

79 1081 81 1083 >
117 1103 118 1106 ι
151 1048 302 1098 Perturbatio
289 1062 359 1096 nem
370 1046 452 1112 itaque
462 1047 531 1096 nobis
544 1046 686 1103 immilem,
703 1046 792 1097 tremo·

142 1129 219 1171 rem,
237 1113 418 1174 resolutionem,
434 1112 566 1177 stuporem,
580 1111 638 1161 rllud
646 1111 719 1163 solum
728 1121 791 1164 tem

150 1195 197 1245 pus
211 1170 335 1228 declarare
342 1178 425 1242 potest.
459 1179 541 1233 Multa
548 1179 636 1252 quippe
650 1169 703 1235 illic,
713 1180 792 1230 varia·

93 1298 94 1301 ,
150 1260 199 1309 que
216 1242 352 1298 tormenta,
376 1243 583 1307 cruciatuumque
588 1244 672 1305 ingens
688 1247 790 1308 procella

150 1309 271 1375 undique
264 1307 401 1359 immittitur
412 1308 437 1358 in
448 1309 575 1358 animam
615 1308 720 1374 .ldque
732 1319 790 1361 tunc

65 1392 67 1396 ’
149 1377 318 1425 damnatorum
327 1389 427 1423 animas
431 1375 560 1431 crucrabrt
581 1376 682 1438 quando
698 1378 789 1440 cogita·

75 1449 77 1451 ’
148 1441 222 1498 bunt,
237 1435 273 1495 ΥΥ,
286 1455 340 1490 cum
356 1438 788 1517 pollentperpaucosistosdiesom

147 1523 189 1558 nra
199 1507 340 1563 emendare
358 1506 437 1571 neglig
438 1508 502 1555 entra
510 1507 573 1562 ulos
585 1499 787 1559 immortalibusse

145 1574 170 1626 se
181 1573 251 1624 malis
264 1571 390 1623 tradidiffe.
426 1573 497 1629 Quod
511 1589 543 1623 ue
559 1572 692 1638 patiamur,
706 1574 788 1651 iurga-

84 1683 94 1700 „
116 1641 118 1644 ’
145 1656 215 1698 mus,
229 1642 307 1691 donec
318 1649 413 1705 ternpus
425 1640 596 1706 acceptabile,
600 1639 677 1695 donec
690 1641 742 1692 dies
752 1644 786 1693 sa·

145 1708 203 1758 lutis
218 1707 299 1763 adest,
312 1707 454 1757 donecvis
471 1722 557 1771 magna
572 1705 605 1755 est
617 1707 786 1784 poenitentiae.

35 1755 39 1829 J
145 1773 233 1838 Neque
244 1773 314 1823 enirn
326 1773 443 1849 praediila
457 1773 532 1822 solum
549 1772 613 1822 mala
630 1774 709 1823 nosse
709 1775 788 1839 gniter
819 1781 820 1786 ’

146 1851 245 1914 agentes
255 1839 388 1905 excipient,
405 1839 486 1897 immo,
498 1841 524 1890 bt
535 1831 580 1919 alia
588 1838 635 1888 illis
646 1792 725 1920 ιιιιιΥΥὲ
733 1857 787 1908 gra·

145 1905 218 1957 viora.
251 1905 365 1958 Ibidem
613 1931 615 1935 ·
822 1920 825 1932 ⁴
