1655 2952
167 178 227 237 290
406 158 575 243 *Augustus

168 277 213 329 sed
221 275 297 327 etiam
305 273 413 341 accepti,
431 276 464 328 ,ἃ
474 270 697 340 acquisiti‘rationes
708 261 819 341 postulat}

158 343 228 395 ‘Non
242 343 317 408 solnm
329 358 388 407 vero
401 341 485 399 dives,
503 342 544 391 sed
553 342 584 391 ’δι
595 357 686 406 pauper
698 344 823 399 rationes,

170 410 211 460 vel
220 407 294 474 ipfins
302 407 452 473 paupertatis
462 406 536 457 subit:
553 423 583 456 an
597 407 719 470 generoso,
729 409 755 459 dt
764 420 819 472 gra·

169 482 199 525 to
208 475 289 525 animo
296 482 464 539 paupertatem
475 472 573 528 tulerit,
585 487 621 522 an
636 488 685 523 non
697 488 765 537 aegre
779 482 819 526 tus

169 540 239 597 lerit,
254 556 286 590 an
296 555 346 589 non
360 539 499 602 indignatus
511 536 602 597 fuerit,
619 553 715 588 ananon
725 538 819 593 incusas

168 603 474 670 veritDeiprovidentiarn,
485 619 541 652 cum
551 602 646 653 videret
654 604 728 653 alium
739 604 764 654 in
773 620 818 655 vo-

167 672 304 735 luptatibus
314 670 474 725 deliciantem,
488 669 511 718 se
520 677 602 717 autem
613 669 638 718 in
649 670 752 736 egestate
762 685 817 720 ver-

168 737 221 787 sari.
253 736 289 786 Ut
302 735 367 785 eninr
380 751 395 785 a
405 735 481 786 divite
492 728 668 798 eleemosynae',
683 734 718 784 ita
729 750 744 785 a
755 751 815 799 pau·

167 818 228 866 perc
239 801 377 851 tolerantiae
390 800 519 864 requiritur
533 799 594 849 ratio
607 817 614 849 :
636 800 710 849 immo
720 801 816 867 nonio-

168 869 220 919 lum
230 867 379 922 tolerantiae,
395 867 435 916 sed
446 865 520 915 etiam
529 865 601 942 ipsius
613 865 779 930 eleemosynae.

174 973 179 977 ·
218 954 275 1005 Non
288 954 353 1004 enim
367 954 442 1004 habet
456 952 656 1019 impedimentum
669 953 700 1002 ad
710 953 815 1004 eleemo-

167 1019 252 1084 synam
261 1028 408 1085 paupertas:
425 1019 491 1068 tellis
504 1018 537 1066 est
547 1018 627 1074 vidua,
642 1034 699 1082 quae
711 1020 760 1069 duo
769 1019 814 1068 rni-

169 1094 230 1135 nuta
237 1087 263 1136 in
274 1085 472 1150 gazophylacium
483 1084 584 1147 dejecit,
603 1085 627 1134 dc
637 1099 695 1139 eos,
711 1085 752 1147 qui
759 1085 814 1149 plu-

169 1151 231 1201 rima
239 1152 357 1200 dederant
368 1166 481 1214 „magno
496 1150 620 1199 intervallo
630 1151 760 1214 superavit,
776 1150 814 1209 id-

170 1233 220 1281 que
228 1226 279 1266 tam
285 1217 379 1265 minuta
390 1216 557 1265 oblatiuncula.
569 1215 615 1279 (a)
629 1215 698 1265 Tom.
706 1231 730 1279 3.
745 1217 813 1268 hom.

170 1285 203 1330 de
211 1283 298 1330 decem
307 1283 364 1331 mill.
376 1283 461 1331 talent.
473 1280 604 1330 debitore.'
792 1298 795 1302 ’

445 1407 543 1460 XXVII.

168 1455 245 1548 Ratio
264 1489 430 1563 aJudicibus
436 1489 627 1567 secularibus,
647 1490 685 1564 7&
696 1488 814 1566 Praesuli·

199 1568 241 1615 bus
251 1566 387 1634 ecciefinjlicis
399 1566 512 1617 reddenda.
529 1591 560 1603 —-
572 1564 600 1616 A
614 1563 781 1616 Corrrlonalori·

350 1631 398 1681 bur.
414 1655 446 1670 -·
458 1630 500 1693 Ab
510 1628 632 1698 Episcopo.
772 1633 775 1638 '

166 1714 248 1802 Non
263 1714 337 1764 solum
354 1724 435 1766 autem
450 1714 555 1771 divites,
580 1717 604 1765 &
621 1729 753 1781 pauperes,
771 1714 811 1765 sed

228 1779 358 1845 praesides,
384 1784 409 1832 or
423 1780 517 1845 judices
530 1796 586 1831 cum
600 1783 677 1831 multa
690 1780 813 1846 diligentia

166 1847 350 1906 examinantur,
368 1864 399 1898 an
409 1864 459 1897 non
474 1847 513 1911 jus
529 1848 695 1912 corruperint,
707 1854 709 1857 '
719 1864 750 1897 au
762 1852 812 1897 non

167 1913 204 1962 ad'
215 1913 335 1976 gratiam,
360 1916 398 1966 vel
414 1915 497 1963 odium
513 1914 616 1969 calculos
632 1913 658 1963 in
671 1913 753 1964 litibus
768 1915 812 1964 de·

166 1978 335 2044 prompserint,
353 1978 386 2038 an
395 1996 444 2029 non
450 1978 541 2029 molliti
550 1980 702 2037 adulatione,
719 1987 810 2035 contra,

167 2059 240 2109 quam
248 2060 293 2109 par
302 2054 361 2103 erat,
372 2045 512 2097 sententiam
525 2046 641 2103 dederint,
657 2061 688 2096 an
697 2061 750 2108 non
759 2061 817 2096 me·.

166 2124 247 2160 mores
256 2112 395 2162 offensarum
406 2127 449 2161 eos
462 2113 615 2169 laxaverint,
634 2112 675 2177 qui
685 2112 744 2162 nihil
755 2129 811 2178 pec-

166 2185 256 2226 carent.
273 2177 328 2228 Non
340 2179 414 2230 solum
424 2186 506 2230 autem
515 2179 641 2229 saeculares
651 2178 809 2244 magistratus,
819 2187 821 2195 '

165 2242 296 2302 sedulii,
313 2245 355 2310 qui
364 2245 475 2297 Ecclefiis
484 2246 607 2312 praesunt,
623 2245 809 2311 suaepraesetlu

165 2324 203 2361 rae
218 2310 324 2362 rationes
339 2313 449 2372 dabunt,
467 2314 493 2364 ἀ
505 2312 627 2379 praecipue
637 2312 673 2364 isti
686 2313 751 2370 sunt,
764 2313 809 2388 ,qui

676 2436 678 2441 .
731 2395 808 2447 ¹¹¹2]ss-

193 2493 228 2549 (cj
242 2496 307 2539 lna-c.
316 2508 354 2543 12,
370 2509 406 2550 42.
479 2544 481 2547 y
