1690 2952
180 135 238 196 206
437 120 558 206 Jahr'us.
608 157 609 160 ¹

179 250 235 308 chae
250 244 296 312 (i)
311 243 472 311 humilitatem
481 250 493 303 ,'
516 241 620 310 &sequi
636 245 733 313 uestigia
751 249 805 316 ejus
813 255 822 309 ‘,'

178 314 286 376 quiante
299 313 378 376 legem
391 319 485 362 tantam
497 310 671 375 Philosophiam
681 313 820 377 praeletulit‘,

177 380 259 435 nobis,
267 377 309 443 qui
322 380 347 428 in
358 377 435 442 gratia
445 377 571 428 versamur.
584 377 709 428 lsta'enim
718 396 777 442 vera
788 382 821 433 est

175 445 319 501 humilitas,
336 460 409 508 quam
423 443 530 494 eximius
538 444 578 493 ille
593 443 630 494 vir
640 445 770 497 declaravit
782 461 821 495 er·

176 507 294 573 ga‘eum,
311 511 352 576 qui
364 510 441 560 multo
453 510 476 561 se
493 508 540 561 fuit
554 507 666 568 inferior,
683 528 732 562 non
745 511 821 571 solum

129 640 130 643 Ἴ
175 579 206 626 ob
214 577 310 628 virtutis
320 576 458 633 rationem,
473 576 549 626 sed&
563 584 660 642 propter
668 580 818 634 aetatem-‚br

174 643 222 692 alia
234 643 321 709 omnia.
344 641 440 705 Cogita
454 642 518 692 enim
528 641 607 691 senem
621 641 704 707 juveni
716 643 820 702 cessure,-

175 709 205 757 &-
217 715 329 772 patruum
344 707 424 757 fratris
437 706 502 764 filio,
523 707 554 757 &⁴
565 707 606 770 qui
621 715 715 757 tantam
730 724 746 757 a
763 710 820 758 Deo

173 774 270 832 sortitus
285 781 337 824 erat
352 772 470 836 gratiam,
487 772 511 823 ei
521 772 585 837 ,qui
597 772 622 822 iu
632 773 699 824 nulla
712 787 738 823 re
750 789 819 840 mag·

173 855 232 888 num
247 839 343 903 aliquod
355 838 476 901 ‚specimen
489 840 637 904 praebuerat:
656 840 682 889 ἃ
696 855 741 897 ea,
759 855 819 904 quae

173 905 306 969 oportebat·
316 904 382 953 illum
396 903 496 959 dicere,
524 913 553 953 ut
565 903 678 967 juvenem
694 906 725 953 ad
738 904 821 958 senem

174 977 249 1018 aetate
267 971 292 1019 br
311 968 452 1032 dignitate,
464 969 490 1018 br
504 978 616 1031 patruum
628 969 691 1025 ,illa
711 969 816 1020 Patriar·

174 1035 244 1084 oham
263 1032 344 1097 juveni
364 1031 452 1082 dixiue.
486 1033 561 1096 Igitur
582 1048 628 1081 nos
653 1049 750 1097 quoque
766 1051 816 1085 non

173 1099 209 1148 eis
224 1108 329 1154 tantum,
346 1097 387 1162 qui
402 1105 478 1148 aetate
494 1098 564 1148 nobis
584 1098 637 1147 sunt
646 1097 762 1163 majores,
776 1099 830 1151 vel¹

172 1165 247 1215 etiam
267 1164 392 1229 aequales,
420 1164 537 1214 honorem
558 1163 724 1214 exhibeamus.
759 1164 816 1215 Non

172 1231 206 1281 est
218 1230 282 1281 enim
292 1229 414 1282 humilitas
429 1228 524 1286 facere,
541 1229 607 1293 quod
621 1228 761 1295 necessitate¹
774 1231 816 1280 de·

172 1299 232 1355 bes,
248 1298 286 1350 vel
308 1291 417 1361 cogerist
433 1297 500 1362 hoc,
519 1295 633 1360 inquam,
657 1311 706 1346 non
721 1296 754 1348 est
767 1298 820 1358 hu*

171 1364 291 1422 militatis,
315 1364 355 1415 sed
381 1362 463 1415 debiti.
507 1362 576 1414 Tom.
591 1379 616 1427 4.
637 1363 704 1415 hom.
725 1381 765 1431 34.
788 1364 817 1432 in¹

171 1447 223 1496 cap.
238 1449 276 1494 13.
288 1430 372 1499 Genes.

430 1537 613 1599 ‘unffi
690 1544 695 1549 ·

170 1650 231 1729 Nift
245 1652 320 1727 quis,
345 1664 390 1707 etr
407 1651 495 1706 omnio
509 1647 694 1724 beatificent,
708 1646 740 1726 se
757 1667 812 1708 om·

200 1729 260 1781 nium
270 1730 397 1795 postremum
408 1724 505 1792 judicer,
522 1743 570 1776 uere
586 1726 673 1777 humilis
685 1744 729 1778 non
739 1728 779 1795 est,
812 1752 815 1771 ι

353 1809 389 1842 uer
404 1790 517 1842 mercedem
532 1792 641 1865 arripiet,-
672 1798 674 1803 '
708 1823 729 1865 '.
748 1819 755 1843 ,-
780 1809 782 1812 ·
815 1808 817 1810 ’

141 1953 145 1976 ;
167 1907 250 1999 Vera
262 1906 385 1958 humilitas
404 1906 449 1963 est,
467 1905 563 1972 quando
580 1905 689 1973 cedimus
704 1905 752 1964 iis,
769 1903 817 1971 qui-

193 2011 195 2013 >
225 1974 297 2023 nobis
308 1973 418 2024 videnter
428 1971 474 2023 elle
489 1973 612 2029 minores,
636 1974 661 2023 br
676 1987 720 2022 eos
737 1987 813 2022 vene-

167 2052 260 2095 ramur,
278 2039 318 2101 qui
328 2040 397 2088 nobis
408 2038 535 2089 inferiores
549 2038 721 2100 ellevidentnr.
737 2036 815 2100 Quod,

166 2103 185 2154 si
197 2105 260 2153 rene
272 2103 391 2167 sapimus,
407 2105 486 2154 nullos
501 2105 575 2153 etiam
588 2104 657 2153 nobis
673 2103 719 2154 else
733 2102 812 2153 mino·

155 2184 208 2221 >res
223 2167 403 2226 arbitrabimur,
423 2170 463 2220 sed
477 2184 523 2219 nos
538 2168 642 2234 superari
656 2169 688 2228 ab
698 2168 811 2228 omnibus

129 2260 130 2264 =
164 2233 305 2288 hominibus
312 2233 430 2286 dicemus.
454 2235 489 2290 Et
502 2234 613 2286 hoodico
625 2234 717 2286 nonde
729 2234 808 2290 nobis,

648 2337 650 2341 -
738 2327 742 2334 =>
765 2299 809 2365 qui

166 2382 818 2418 W—m—-fi-—fiml

192 2445 229 2502 (*)
243 2443 318 2488 Sermo
328 2424 363 2484 est
375 2442 402 2482 de
418 2443 538 2494 Abraham,
559 2446 596 2501 qut
610 2430 666 2488 iou
681 2423 810 2487 alemanno

126 2532 128 2534 ·
164 2499 276 2551 oonoeffit.
290 2508 359 2554 neque
367 2496 453 2542 moleste
461 2499 525 2549 tulit,
539 2503 597 2555 quod
608 2500 768 2556 primaafe'rret-¹
788 2520 789 2523 =
